@article{aaronson,
  title={Read the fine print},
  author={Scott Aaronson},
  journal={Nature},
  year={2015}
}

@article{biamonte,
  title={Quantum machine learning},
  author={Biamonte, Jacob and Wittek, Peter and Pancotti, Nicola and Rebentrost, Patrick and Wiebe, Nathan and Lloyd, Seth},
  journal={Nature},
  volume={549},
  number={7671},
  pages={195--202},
  year={2017},
  publisher={Nature Publishing Group}
}

@article{byvatov,
  title={Support vector machine applications in bioinformatics},
  author={E. Byvatov and G. Schneider},
  year={2003}
}

@article{dunjko,
  title={Quantum-enhanced machine learning},
  author={Dunjko, Vedran and Taylor, Jacob M and Briegel, Hans J},
  journal={Physical review letters},
  volume={117},
  number={13},
  pages={130501},
  year={2016},
  publisher={APS}
}

@article{higham,
  title={Spectral clustering and its use in bioinformatics},
  author={Higham, Desmond, Kalna, Gabriela, and Kibble, Milla},
  year={2007}
}

@article{lloyd,
  title={Quantum algorithms for supervised and unsupervised machine learning},
  author={S. Lloyd, M. Mohseni, and P. Rebentrost},
  year={2013}
}

@article{olman,
  title={Parallel Clustering Algorithm for Large Data Sets with Applications in Bioinformatics},
  author={Olman, Victor, Mao, Fenglou, Wu, Hongwei, and Xu Ying},
  year={2009}
}

@article{schuld,
  title={An introduction to quantum machine learning},
  author={Schuld, Maria and Sinayskiy, Ilya and Petruccione, Francesco},
  journal={Contemporary Physics},
  volume={56},
  number={2},
  pages={172--185},
  year={2015},
  publisher={Taylor \& Francis}
}

@article{ward,
  title={Secondary structure prediction with support vector machines},
  author={J. Ward, L. McGuffin, B. Buxton, and D. Jones},
  year={2003}
}

@misc{bc,
  title="{Breast Cancer Wisconsin (Diagnostic) Data Set}",
  author="{Wolberg, William H., Street, W. Nick, Mangasarian, Olvi L.}",
  howpublished={\url{https://archive.ics.uci.edu/ml/datasets/Breast+Cancer+Wisconsin+%28Diagnostic%29}}
}

@misc{centroid,
  title={Rocchio classification},
  month={April},
  year={2009},
  howpublished={\url{https://nlp.stanford.edu/IR-book/html/htmledition/rocchio-classification-1.html}}
}

@misc{dwave,
  title="{D-Wave's Ocean Software}",
  howpublished={\url{https://ocean.dwavesys.com/}}
}

@misc{ecoli,
  title="{Ecoli Data Set}",
  author="{Nakai, Kenta}",
  howpublished={\url{https://archive.ics.uci.edu/ml/datasets/Ecoli}}
}

@article{giles,
  title={Explainer: What is a quantum computer?},
  author={Giles, Martin},
  journal={MIT Technology Review},
  howpublished={\url{https://www.technologyreview.com/s/612844/what-is-quantum-computing/}}
}

@misc{heart,
  title="{Statlog Heart Data Set}",
  howpublished={\url{https://archive.ics.uci.edu/ml/datasets/Statlog+%28Heart%29}}
}

@misc{ibm,
  title="{IBM Q: Quantum Starts Here}",
  month={April},
  year={2009},
  howpublished={\url{https://www.ibm.com/quantum-computing/}}
}

@misc{msft,
  title="{Microsoft Quantum}",
  howpublished={\url{https://www.microsoft.com/en-us/quantum}}
}

@misc{park,
  title="{Parkinson's Data Set}",
  author="{Little, Max}",
  howpublished={\url{https://archive.ics.uci.edu/ml/datasets/Parkinsons}}
}

@misc{qcgpu,
  title="{Qiskit QCGPU Provider}",
  howpublished={\url{https://github.com/qiskit-community/qiskit-qcgpu-provider}}
}

@misc{qiskit,
  title="{IBM Qiskit: Welcome to Quantum}",
  howpublished={\url{https://qiskit.org/}}
}

@misc{rigetti,
  title="{Rigetti Quantum Cloud Services}",
  month={September},
  year={2019},
  howpublished={\url{https://www.rigetti.com/}}
}

@misc{uci,
  author="Dua, Dheeru and Graff, Casey",
  year="2017",
  title="{UCI} Machine Learning Repository",
  url="http://archive.ics.uci.edu/ml",
  institution="University of California, Irvine, School of Information and Computer Sciences"
}

@misc{yeast,
  title="{Yeast Data Set}",
  author="{Nakai, Kenta}",
  howpublished={\url{https://archive.ics.uci.edu/ml/datasets/Yeast}}
}
