@article{biamonte,
  title={Quantum machine learning},
  author={Biamonte, Jacob and Wittek, Peter and Pancotti, Nicola and Rebentrost, Patrick and Wiebe, Nathan and Lloyd, Seth},
  journal={Nature},
  volume={549},
  number={7671},
  pages={195--202},
  year={2017},
  publisher={Nature Publishing Group}
}

@article{byvatov,
  title={Support vector machine applications in bioinformatics},
  author={E. Byvatov and G. Schneider},
  year={2003}
}

@article{dunjko,
  title={Quantum-enhanced machine learning},
  author={Dunjko, Vedran and Taylor, Jacob M and Briegel, Hans J},
  journal={Physical review letters},
  volume={117},
  number={13},
  pages={130501},
  year={2016},
  publisher={APS}
}

@article{higham,
  title={Spectral clustering and its use in bioinformatics},
  author={Higham, Desmond, Kalna, Gabriela, and Kibble, Milla},
  year={2007}
}

@article{olman,
  title={Parallel Clustering Algorithm for Large Data Sets with Applications in Bioinformatics},
  author={Olman, Victor, Mao, Fenglou, Wu, Hongwei, and Xu Ying},
  year={2009}
}

@article{schuld,
  title={An introduction to quantum machine learning},
  author={Schuld, Maria and Sinayskiy, Ilya and Petruccione, Francesco},
  journal={Contemporary Physics},
  volume={56},
  number={2},
  pages={172--185},
  year={2015},
  publisher={Taylor \& Francis}
}

@article{aaronson,
  title={Read the fine print},
  author={Scott Aaronson},
  journal={Nature},
  year={2015}
}

@article{lloyd,
  title={Quantum algorithms for supervised and unsupervised machine learning},
  author={S. Lloyd, M. Mohseni, and P. Rebentrost},
  year={2013}
}

@article{ward,
  title={Secondary structure prediction with support vector machines},
  author={J. Ward, L. McGuffin, B. Buxton, and D. Jones},
  year={2003}
}

@misc{centroid,
  title={Rocchio classification},
  month={April},
  year={2009},
  howpublished={\url{https://nlp.stanford.edu/IR-book/html/htmledition/rocchio-classification-1.html}}
}
