@article{biamonte,
  title={Quantum machine learning},
  author={Biamonte, Jacob and Wittek, Peter and Pancotti, Nicola and Rebentrost, Patrick and Wiebe, Nathan and Lloyd, Seth},
  journal={Nature},
  volume={549},
  number={7671},
  pages={195--202},
  year={2017},
  publisher={Nature Publishing Group}
}

@article{dunjko,
  title={Quantum-enhanced machine learning},
  author={Dunjko, Vedran and Taylor, Jacob M and Briegel, Hans J},
  journal={Physical review letters},
  volume={117},
  number={13},
  pages={130501},
  year={2016},
  publisher={APS}
}

@article{schuld,
  title={An introduction to quantum machine learning},
  author={Schuld, Maria and Sinayskiy, Ilya and Petruccione, Francesco},
  journal={Contemporary Physics},
  volume={56},
  number={2},
  pages={172--185},
  year={2015},
  publisher={Taylor \& Francis}
}

@article{aaronson,
  title={Read the fine print},
  author={Scott Aaronson},
  journal={Nature},
  year={2015}
}

@article{lloyd,
  title={Quantum algorithms for supervised and unsupervised machine learning},
  author={S. Lloyd, M. Mohseni, and P. Rebentrost},
  year={2013}
}

@misc{ibm,
  title="{IBM Q: Quantum Starts Here}",
  month={April},
  year={2009},
  howpublished={\url{https://www.ibm.com/quantum-computing/}}
}

@misc{msft,
  title="{Microsoft Quantum}",
  howpublished={\url{https://www.microsoft.com/en-us/quantum}}
}

@misc{rigetti,
  title="{Rigetti Quantum Cloud Services}",
  month={September},
  year={2019},
  howpublished={\url{https://www.rigetti.com/}}
}

@misc{dwave,
  title="{D-Wave's Ocean Software}",
  howpublished={\url{https://ocean.dwavesys.com/}}
}

@misc{centroid,
  title={Rocchio classification},
  month={April},
  year={2009},
  howpublished={\url{https://nlp.stanford.edu/IR-book/html/htmledition/rocchio-classification-1.html}}
}
