@article{biamonte,
  title={Quantum machine learning},
  author={Biamonte, Jacob and Wittek, Peter and Pancotti, Nicola and Rebentrost, Patrick and Wiebe, Nathan and Lloyd, Seth},
  journal={Nature},
  volume={549},
  number={7671},
  pages={195--202},
  year={2017},
  publisher={Nature Publishing Group}
}

@article{edgar,
  title={Gene Expression Omnibus: NCBI gene expression and hybridization array data repository},
  volume={30},
  DOI={10.1093/nar/30.1.207},
  number={1},
  journal={Nucleic Acids Research},
  author={Edgar, R.},
  year={2002},
  month={Jan},
  pages={207â€“210}
}

@article{schuld,
  title={An introduction to quantum machine learning},
  author={Schuld, Maria and Sinayskiy, Ilya and Petruccione, Francesco},
  journal={Contemporary Physics},
  volume={56},
  number={2},
  pages={172--185},
  year={2015},
  publisher={Taylor \& Francis}
}

@misc{coursera,
  title="Coursera: World-class learning for anyone, anywhere",
  howpublished={\url{https://www.coursera.org/}}
}

@misc{dua,
  author="Dua, Dheeru and Graff, Casey",
  year={2017},
  title="{UCI} Machine Learning Repository",
  url="http://archive.ics.uci.edu/ml",
  institution="University of California, Irvine, School of Information and Computer Sciences"
}
@article{dunjko,
  title={Quantum-enhanced machine learning},
  author={Dunjko, Vedran and Taylor, Jacob M and Briegel, Hans J},
  journal={Physical review letters},
  volume={117},
  number={13},
  pages={130501},
  year={2016},
  publisher={APS}
}

@misc{msft,
  title="{Microsoft Quantum}",
  howpublished={\url{https://www.microsoft.com/en-us/quantum}}
}

@misc{qiskit,
  title="{IBM Q: Quantum Starts Here}",
  year={2019},
  howpublished={\url{https://qiskit.org/}}
}

@misc{sklearn,
  title="{scikit-learn: Machine Learning in Python}",
  howpublished={\url{https://scikit-learn.org/}}
}

@misc{tensorflow,
  title="TensorFlow: An end-to-end open source machine learning platform",
  howpublished={\url{https://www.tensorflow.org/}}
}
